@online{minecraftfandom:water,
    url ={https://minecraft.fandom.com/wiki/Water},
    addendum = "(accessed: 20.12.24)",
    keywords = "Minecraft, Fandom, Water"
}

@online{minecraftfandom:waterspread,
    url ={https://minecraft.fandom.com/wiki/Water#Spreading},
    addendum = "(accessed: 20.12.24)",
    keywords = "Minecraft, Fandom, Water Spread"
}

@online{minecraftfandom:fluid,
    url ={https://minecraft.fandom.com/wiki/Water},
    addendum = "(accessed: 20.12.24)",
    keywords = "Minecraft, Fandom, Water"
}

@online{minecraftfandom:wool,
    url ={https://minecraft.fandom.com/wiki/Wool},
    addendum = "(accessed: 20.12.24)",
    keywords = "Minecraft, Fandom, Wool"
}

@online{minecraftfandom:glass,
    url ={https://minecraft.fandom.com/wiki/Glass},
    addendum = "(accessed: 20.12.24)",
    keywords = "Minecraft, Fandom, Glass"
}

@online{minecraftfandom:bog,
    url ={https://minecraft.fandom.com/wiki/Block_of_Gold},
    addendum = "(accessed: 20.12.24)",
    keywords = "Minecraft, Fandom, Block of Gold"
}

@online{minecraftfandom:boll,
    url ={https://minecraft.fandom.com/wiki/Block_of_Lapis_Lazuli},
    addendum = "(accessed: 20.12.24)",
    keywords = "Minecraft, Fandom, Block of Lapis Lazuli"
}

@online{minecraftfandom:string,
    url ={https://minecraft.fandom.com/wiki/String},
    addendum = "(accessed: 20.12.24)",
    keywords = "Minecraft, Fandom, String"
}

@online{minecraftfandom:sand,
    url ={https://minecraft.fandom.com/wiki/Sand},
    addendum = "(accessed: 20.12.24)",
    keywords = "Minecraft, Fandom, Sand"
}

